@article{chalmers1995facing,
  author = {Chalmers, D. J.},
  title = {Facing up to the problem of consciousness},
  journal = {Journal of Consciousness Studies},
  volume = {2},
  number = {3},
  pages = {200--219},
  year = {1995}
}

@book{chalmers1996conscious,
  author = {Chalmers, D. J.},
  title = {The Conscious Mind: In Search of a Fundamental Theory},
  publisher = {Oxford University Press},
  year = {1996}
}

@article{humphreys1997emergence,
  author = {Humphreys, P.},
  title = {Emergence, not supervenience},
  journal = {Philosophy of Science},
  volume = {64},
  pages = {S337--S345},
  year = {1997}
}

@book{kim1993supervenience,
  author = {Kim, J.},
  title = {Supervenience and Mind: Selected Philosophical Essays},
  publisher = {Cambridge University Press},
  year = {1993}
}

@online{koch2018consciousness,
  author = {Koch, C.},
  title = {What is Consciousness?},
  year = {2018}
}

@article{mccarthy2006dartmouth,
  author = {McCarthy, J. and Minsky, M. L. and Rochester, N. and Shannon, C. E.},
  title = {A Proposal for the Dartmouth Summer Research Project on Artificial Intelligence, August 31, 1955},
  journal = {AI Magazine},
  volume = {27},
  number = {4},
  pages = {12--12},
  year = {2006}
}

@incollection{mclaughlin2018supervenience,
  author = {McLaughlin, B. and Bennett, K.},
  title = {Supervenience},
  editor = {Zalta, E. N.},
  booktitle = {The Stanford Encyclopedia of Philosophy},
  publisher = {Metaphysics Research Lab, Stanford University},
  year = {2018}
}

@article{mclaughlin1997emergence,
  author = {McLaughlin, B. P.},
  title = {Emergence and Supervenience},
  journal = {Intellectica},
  volume = {25},
  number = {2},
  pages = {25--43},
  year = {1997}
}

@online{news2016memory,
  author = {News, N.},
  title = {How Does Memory Work?},
  year = {2016}
}

@incollection{place1970consciousness,
  author = {Place, U. T.},
  title = {Is Consciousness a Brain Process?},
  booktitle = {The Mind-Brain Identity Theory},
  pages = {42--51},
  publisher = {Springer},
  year = {1970}
}

@article{thompson2001radical,
  author = {Thompson, E. and Varela, F. J.},
  title = {Radical Embodiment: Neural Dynamics and Consciousness},
  journal = {Trends in Cognitive Sciences},
  volume = {5},
  number = {10},
  pages = {418--425},
  year = {2001}
}

